@inproceedings{da2017coding,
  title={Coding Dojo as a transforming practice in collaborative learning of programming: an experience report},
  author={da R Rodrigues, Peterson Luiz and Franz, Luiz Paulo and Cheiran, Jean Felipe P and da Silva, Jo{\~a}o Pablo S and Bordin, Andr{\'e}a S},
  booktitle={Proceedings of the 31st Brazilian Symposium on Software Engineering},
  pages={348--357},
  year={2017},
  organization={ACM}
}

@inproceedings{bossavit2005coder,
  title={The coderâ€™s dojo--a different way to teach and learn programming},
  author={Bossavit, Laurent and Gaillot, Emmanuel},
  booktitle={International Conference on Extreme Programming and Agile Processes in Software Engineering},
  pages={290--291},
  year={2005},
  organization={Springer}
}

@inproceedings{rooksby2014theory,
  title={The theory and practice of randori coding dojos},
  author={Rooksby, John and Hunt, Johanna and Wang, Xiaofeng},
  booktitle={International Conference on Agile Software Development},
  pages={251--259},
  year={2014},
  organization={Springer}
}

@article{hanks2011pair,
  title={Pair programming in education: A literature review},
  author={Hanks, Brian and Fitzgerald, Sue and McCauley, Ren{\'e}e and Murphy, Laurie and Zander, Carol},
  journal={Computer Science Education},
  volume={21},
  number={2},
  pages={135--173},
  year={2011},
  publisher={Taylor \& Francis}
}

@inproceedings{bravo2010reinforcing,
  title={Reinforcing the learning of agile practices using coding dojos},
  author={Bravo, Mariana and Goldman, Alfredo},
  booktitle={International Conference on Agile Software Development},
  pages={379--380},
  year={2010},
  organization={Springer}
}

@inproceedings{sato2008coding,
  title={Coding dojo: An environment for learning and sharing agile practices},
  author={Sato, Danilo Toshiaki and Corbucci, Hugo and Bravo, Mariana Vivian},
  booktitle={Agile, 2008. AGILE'08. Conference},
  pages={459--464},
  year={2008},
  organization={IEEE}
}

@inproceedings{estacio2015evaluating,
  title={Evaluating collaborative practices in acquiring programming skills: Findings of a controlled experiment},
  author={Est{\'a}cio, Bernardo and Oliveira, Roberto and Marczak, Sabrina and Kalinowski, Marcos and Garcia, Alessandro and Prikladnicki, Rafael and Lucena, Carlos},
  booktitle={Software Engineering (SBES), 2015 29th Brazilian Symposium on},
  pages={150--159},
  year={2015},
  organization={IEEE}
}

@inproceedings{hassinen2006learning,
  title={Learning programming by programming: a case study},
  author={Hassinen, Marko and M{\"a}yr{\"a}, Hannu},
  booktitle={Proceedings of the 6th Baltic Sea conference on Computing education research: Koli Calling 2006},
  pages={117--119},
  year={2006},
  organization={ACM}
}

@inproceedings{aniche2011increasing,
  title={Increasing learning in an agile environment: Lessons learned in an agile team},
  author={Aniche, Mauricio Finavaro and de Azevedo Silveira, Guilherme},
  booktitle={Agile Conference (AGILE), 2011},
  pages={289--295},
  year={2011},
  organization={IEEE}
}

@article{bache2013coding,
  title={The Coding Dojo Handbook},
  author={Bache, Emily},
  journal={Emily Bache, Canada},
  year={2013}
}

@article{lee2017teaching,
  title={Teaching test-drive development using Dojo},
  author={Lee, Young and Marepalli, Dhanunjaya Bhargavan and Yang, Jeong},
  journal={Journal of Computing Sciences in Colleges},
  volume={32},
  number={4},
  pages={106--112},
  year={2017},
  publisher={Consortium for Computing Sciences in Colleges}
}